3616 5586
509 479 750 531 smneoeauuur.
761 493 806 512 -
823 478 1076 530 srnaaocuucuu.
1331 453 1397 526 ΞΜ

189 617 290 688 spere
304 597 359 664 8⁸·
378 591 549 682 (interdurn
560 593 626 678 6¹¹⁸)
641 592 798 661 ioculares
815 576 1216 680 cylinclraeeu-lusilorioes
1231 599 1287 658 out
1300 587 1397 682 cylin-

189 707 309 773 dreceoe
327 702 416 794 pouci
440 701 487 771 vel
503 699 734 792 pluri-septula
755 700 864 790 (septis
879 700 964 786 3-9),
992 697 1090 768 thecae
1115 697 1288 788 prcesertirn
1315 703 1402 789 parte

189 812 299 902 spirali
331 809 460 900 [rarietis
488 829 600 878 earum
626 807 700 878 indo
728 807 866 878 roerulee
899 807 1022 894 tinctaep
1051 805 1243 898 parsphyses
1268 805 1403 896 gracile·

189 929 327 992 scentes.
340 917 570 1009 Spernrugoniu
588 916 730 1007 granulis
744 913 884 986 thallinis
901 915 1023 987 incluse
1036 914 1254 986 terminalibus
1267 913 1314 981 vel
1331 911 1402 982 suh·
1471 961 1472 964 ,

193 1025 409 1094 terminalibus
437 1027 541 1115 (aeque
569 1047 605 1094 ae
631 1027 692 1094 sita
720 1033 795 1094 sunt
816 1022 1016 1116 upotbeciul;
1043 1023 1212 1115 spermatis
1238 1020 1404 1091 oeiculari·

190 1132 351 1202 bucilleria
380 1143 466 1200 ructu
489 1141 544 1200 aut
571 1131 714 1221 longiora
741 1130 852 1200 leuiter
874 1139 1019 1216 curuato,
1043 1125 1280 1221 sterigrnotibus
1306 1127 1403 1200 iulius

191 1241 387 1334 simplicibus
405 1241 518 1331 scepius
539 1238 715 1329 turgidulis.

233 1351 310 1418 bais
322 1348 503 1420 medullaris
518 1347 750 1419 eborrdruitleua
763 1347 961 1440 pudetiorurn
972 1369 1010 1416 cx
1023 1345 1405 1418 elerrrentislllanrentosis

189 1456 409 1544 lorrpitudioali
428 1477 522 1524 sensu
539 1455 765 1544 conglutinatis
779 1453 933 1558 supinatur
949 1454 1115 1546 superlicio
1132 1475 1256 1523 suniero
1272 1453 1401 1524 crassis·

190 1563 276 1634 ribus
293 1573 326 1634 et
342 1565 372 1632 in
391 1574 511 1653 partera
533 1561 738 1634 medullarem
758 1562 1029 1652 (aracbrroitleam)
1052 1563 1258 1654 granulorunr
1280 1561 1405 1632 absun-

192 1673 289 1759 libus3
315 1674 473 1741 elementa
504 1671 701 1741 blamentose
723 1672 876 1740 interiora
903 1671 1093 1759 (canaliculo
1113 1673 1216 1741 media
1236 1671 1400 1764 ampliore)

189 1779 270 1849 lutit.
289 1779 373 1850 circu
390 1779 490 1860 obba
506 1779 625 1848 rnillinr.
643 1788 718 1850 sunt
731 1779 761 1848 in
775 1779 985 1849 Stereocuulo
993 1779 1159 1872 paschali,
1172 1779 1298 1874 quando
1312 1791 1403 1851 exte·

190 1889 272 1958 riora
300 1889 426 1980 (solum,
446 1899 480 1958 ut
504 1887 581 1975 dixi,
600 1909 724 1957 surnrna
750 1887 920 1980 superficie
942 1909 1038 1958 arsos
1066 1889 1138 1970 situ,
1157 1891 1274 1981 passim
1303 1899 1406 1960 struto

190 1998 291 2066 solum
307 1997 466 2090 simplici),
484 1999 605 2067 crassil.
623 2000 724 2080 boot
745 1996 867 2065 milliar.
891 1998 926 2065 ln
948 1997 1090 2089 granulis
1108 1997 1245 2066 thallinis
1260 1997 1406 2072 oriuntur

190 2107 356 2196 apothecis
371 2103 447 2192 (tab.
466 2105 532 2186 llll,
550 2104 573 2173 l.
592 2108 645 2192 26)
660 2127 668 2186 3
684 2103 835 2174 lateribus
849 2105 1085 2196 apotlreciorurn
1098 2105 1264 2196 juniorum
1277 2105 1406 2196 gonidia

191 2213 307 2282 adsunt
322 2227 354 2282 et
372 2237 471 2305 pauco
491 2215 594 2283 adbuc
615 2235 685 2283 raro
701 2211 761 2282 sub
778 2213 853 2302 ipsis
871 2213 1045 2303 apotheciis
1061 2219 1117 2279 tll.

233 2323 406 2414 Apothecia
428 2322 580 2414 juvenilia
598 2323 772 2415 presertim
793 2323 1015 2390 lecsnuroidca
1044 2323 1157 2413 (prinu
1182 2319 1406 2414 puneliiorrnis

190 2430 377 2520 inpressa),
402 2431 455 2498 sed
479 2433 545 2520 jura
570 2429 716 2520 primitus
744 2428 971 2518 conceptaculo
1000 2427 1158 2498 leeicleino
1186 2429 1329 2499 incolere
1356 2429 1404 2502 vel

190 2535 294 2606 albitlo
324 2537 371 2606 vel
401 2537 518 2628 pallido
542 2546 693 2605 contentu
719 2543 811 2616 sunt;
838 2535 871 2603 in
896 2535 1005 2626 paucis
1030 2535 1195 2628 speciebus
1221 2545 1407 2607 constanter

190 2644 371 2714 lecnnorina
384 2654 533 2726 araneam
548 2665 649 2734 spone
666 2644 754 2734 apice
770 2641 894 2711 interne
906 2663 997 2712 verso
1013 2643 1044 2710 in
1061 2641 1160 2712 thecis
1173 2643 1315 2712 nonnihil
1331 2653 1409 2714 otte·

189 2763 301 2834 riuulo,
324 2749 395 2824 caio
417 2753 515 2843 septis
539 2749 682 2843 pluribus
707 2773 801 2845 quam
825 2771 949 2834 novem,
966 2750 1094 2842 quaudo
1113 2751 1302 2841 longissimae
1320 2754 1405 2846 (quie

192 2861 282 2930 theca
296 2860 468 2951 longiores,
484 2869 517 2929 ul
536 2861 642 2948 locum
664 2857 840 2946 obtineant)
860 2869 950 2952 partu
970 2880 1108 2952 superne
1133 2879 1223 2928 versu
1247 2859 1407 2951 spiraliter

189 2970 261 3062 plus
280 2968 384 3040 nrinus
403 2977 575 3050 eontertae;
598 2972 792 3060 paropbyses
812 2967 1056 3057 gracilescenles
1072 2967 1121 3036 vel
1136 2966 1200 3036 lero
1216 2968 1405 3052 mediocres,

191 3081 377 3172 pleniorque
400 3077 519 3171 absque
542 3077 685 3150 articulis
702 3077 774 3146 ullis
791 3075 962 3158 distinctis,
987 3098 1046 3148 nec
1068 3097 1193 3148 romunt
1219 3075 1318 3147 ullum
1343 3076 1407 3149 nisi

190 3187 315 3279 utppriee
330 3187 524 3257 emittentes.

232 3294 412 3385 Sperrnrnia
431 3303 486 3363 aut
508 3293 665 3383 longioria
685 3291 846 3362 liliforrnia
868 3292 980 3362 leviter
1004 3299 1153 3376 curuata,
1180 3305 1235 3364 out
1258 3291 1405 3368 breuiora

194 3415 277 3472 reeta
291 3402 339 3470 vel
352 3401 493 3473 obsolute
504 3402 669 3472 cornutula
683 3401 846 3494 equaliter
860 3399 1034 3493 cylintriea
1048 3401 1190 3496 apicibus
1208 3426 1270 3474 nun
1288 3406 1408 3478 incuss.

193 3515 279 3586 sutis.

236 3619 439 3713 Gepbolodia,
462 3643 533 3713 qun
559 3607 628 3692 iere
648 3627 832 3690 constanter
856 3619 992 3712 podetiis
1015 3619 1232 3693 adnascuntur
1266 3632 1311 3713 (et
1335 3646 1405 3716 que

191 3723 274 3798 iurte
293 3728 431 3798 balbillis
451 3727 677 3820 comparando)
695 3737 771 3798 sunt
787 3734 844 3797 eut
853 3727 1058 3820 pallescentis
1072 3729 1161 3799 trevio
1174 3730 1222 3800 vel
1236 3743 1406 3822 corrugata

194 3837 364 3929 (collapso)
386 3835 636 3929 subpallicellola
660 3835 708 3926 (iu
735 3837 836 3931 stirpe
853 3835 1060 3906 Stereucauli
1079 3835 1241 3907 ramulosi
1261 3839 1308 3908 vol
1331 3859 1405 3934 spc-

192 3946 393 4031 clerone-o)
407 3943 593 4016 autsessiliu
605 3966 774 4016 verrucosa
789 3945 837 4015 sel
852 3945 1044 4036 glomerulos
1056 3943 1243 4030 suenrunlio;
1257 3944 1405 4020 uentribus

192 4054 278 4123 intus
300 4062 433 4122 stratum
459 4053 672 4124 coerulesceus
695 4055 762 4140 (vel
781 4051 916 4124 obscure
935 4055 1162 4143 coerulcscens)
1184 4057 1298 4148 saepius
1320 4055 1405 4127 bauti

192 4161 378 4230 continuum
400 4182 418 4246 e
437 4159 579 4250 granulis
594 4161 732 4249 ganimis
751 4170 900 4230 constans
918 4179 1002 4252 seps
1020 4163 1360 4255 monilibonni-jonctis
1373 4175 1405 4236 el

191 4270 223 4337 in
249 4269 374 4336 nodulis
396 4267 579 4356 gelatinusis
606 4266 750 4361 oblongis
772 4269 821 4338 vel
843 4265 1040 4342 clillorrnibus
1059 4281 1115 4338 out
1142 4271 1186 4346 lin
1211 4269 1400 4363 quibusdum

192 4375 300 4446 termis
311 4375 416 4465 stirpis
432 4375 637 4444 Stereocuub'
650 4375 824 4462 ruminosi)
845 4375 1054 4470 cylindraceis
1069 4378 1154 4446 varie
1168 4379 1306 4461 inclusis.
1324 4379 1401 4450 llum

194 4483 383 4580 cephaludiis
413 4483 507 4552 simul
537 4483 662 4560 suretbo
687 4485 771 4556 buurl
798 4507 869 4554 raro
896 4495 1079 4566 occurrunt,
1105 4487 1241 4577 podetiis
1266 4489 1403 4582 capitulo

229 4720 263 4784 tt)
281 4717 433 4770 &oculatur
445 4715 575 4784 explicatio
585 4719 721 4784 umerorum
735 4721 826 4772 tabule
840 4717 883 4772 vlt
895 4722 942 4772 stab
957 4719 1116 4776 Stenoeuuta
1131 4721 1252 4788 moult.
