3616 5586
884 445 1030 498 mom
1054 441 1228 500 blm.
1308 486 1310 493 ,

753 671 870 741 snm
895 662 1263 739 rc-crnuourr
1292 647 1359 758 (r).

491 850 722 946 Complectitar
746 847 814 920 hec
838 851 937 920 series
963 871 1015 922 res
1041 852 1127 920 inter
1153 871 1189 920 sc
1212 861 1263 922 snt
1296 849 1484 938 dissimiles,
1503 855 1558 920 est
1582 845 1678 939 igitur

447 955 581 1030 definita
593 957 793 1044 difficillimm
809 957 960 1028 lichenes
974 967 1080 1027 tamen
1091 957 1195 1027 solum
1208 957 1505 1050 eliinitetejunctos
1517 955 1677 1026 continet.

447 1065 593 1138 ultorum
607 1061 770 1134 Cludedrr‘
790 1063 823 1132 in
840 1085 957 1152 gruere
978 1063 1113 1136 formem
1137 1075 1278 1134 erectum
1303 1064 1354 1136 rel
1374 1063 1594 1158 suberectam,
1614 1063 1678 1152 jam

446 1171 583 1266 pudetiis
606 1173 730 1265 praediti
758 1171 899 1242 thailinis
928 1172 1101 1260 (rarissime
1127 1170 1381 1262 deficientibus),
1404 1175 1470 1262 jum
1498 1171 1678 1265 apotheciis

448 1281 524 1372 ipsis
541 1279 607 1348 basi
628 1265 905 1371 podetiilormibus
927 1279 971 1366 (in
998 1282 1191 1370 liuompce).
1216 1279 1393 1370 Apothecia
1418 1281 1586 1370 plerisque
1609 1277 1675 1348 bia·

449 1387 564 1469 torirru,
578 1387 658 1454 raris
671 1385 872 1468 lecanoriua;
887 1408 988 1478 spone
998 1389 1064 1477 jain
1083 1390 1128 1476 ¹(et
1141 1387 1327 1478 sepissime)
1343 1387 1505 1479 simplices
1515 1389 1676 1478 oblongae,

440 1499 510 1587 jam
536 1495 691 1582 elongatis
720 1503 915 1584 septatequc
950 1493 994 1580 (in
1024 1493 1261 1581 Stcreocuulo),
1291 1495 1359 1584 jam
1395 1492 1524 1565 demum
1554 1516 1678 1586 magne

446 1599 683 1672 murali-divise
701 1601 732 1669 in
753 1599 847 1670 unica
874 1603 980 1691 specie
1003 1599 1190 1693 (Arpopsi);
1221 1597 1418 1693 parapbpses
1433 1599 1596 1672 discrete.
1624 1600 1676 1670 Ubi

447 1719 522 1778 notu
537 1709 680 1798 qaudam
700 1706 853 1776 recedens
870 1729 888 1774 a
909 1707 1149 1776 characteribus
1168 1705 1285 1776 ceteris
1302 1707 1398 1796 bujus
1410 1706 1505 1776 seriei
1520 1707 1676 1791 occurrit,

446 1816 516 1885 eliu
540 1827 623 1882 notre
646 1814 878 1881 simul'adsuul
900 1835 971 1902 qum
987 1813 1096 1882 lorrnu
1114 1814 1157 1882 itu
1175 1812 1289 1882 faciem
1305 1814 1510 1886 recedentem
1527 1814 1676 1886 induenti

446 1923 552 1991 lucum
569 1923 620 1990 hic
635 1918 712 1992 dare
730 1931 863 2011 sugunt.
880 1918 1092 2012 Gompiillus
1105 1921 1245 1991 aramme
1258 1941 1277 1990 a
1291 1921 1408 2002 ceteris
1423 1922 1578 2012 divergit.

768 2153 869 2233 'surm
899 2151 970 2232 tlt.
990 2193 1042 2216 ·-
1063 2149 1351 2234 BAEOMVOEI.

492 2331 622 2406 Thallus
641 2331 751 2402 inrnue
774 2334 880 2404 serias.
908 2340 963 2399 aut
987 2333 1089 2400 solum
1113 2333 1354 2400 horizontaliter
1373 2353 1537 2426 reprensus
1565 2337 1673 2426 putre·

447 2461 560 2514 raceus
577 2443 625 2510 rcl
642 2440 831 2530 prunulbsus
849 2439 900 2507 rcl
915 2459 1120 2530 squamosus,
1140 2447 1195 2506 sut
1213 2439 1318 2522 adlice¹
1335 2440 1528 2510 verticuliter
1544 2439 1673 2509 adscen-

447 2553 527 2622 dens
555 2547 796 2642 podutiilurnris.
824 2547 1002 2637 ilpotbecia
1023 2545 1139 2616 clitoris
1174 2541 1282 2636 pallidi
1316 2553 1363 2618 rel
1392 2547 1598 2630 rarescentis,
1623 2557 1674 2618 rut

447 2656 568 2730 sessilis
592 2655 834 2732 letidcilormia‚
861 2663 918 2721 aut
940 2654 1091 2744 depressa
1115 2653 1288 2739 dill'orrnir,
1305 2665 1361 2722 eut
1385 2656 1529 2746 stipilnla
1557 2657 1674 2745 (stipite

448 2777 504 2836 eut
528 2763 567 2834 ub
585 2763 791 2857 hypothecis,
813 2773 868 2829 eut
893 2784 911 2828 u
937 2761 1065 2850 podctio
1091 2760 1224 2829 thallino
1251 2761 1321 2852 plus
1343 2764 1449 2830 minus
1476 2761 1673 2830 irondiiormi

447 2875 613 2958 lormutoi3
640 2891 741 2961 sporau
760 2869 918 2940 incolores
936 2867 1094 2956 oblongae,
1115 2879 1171 2936 aut
1190 2869 1350 2958 simplices
1371 2878 1428 2940 aut
1447 2871 1669 2962 l-b-scptatu.

448 2981 676 3072 Spermoguniu
703 2975 942 3068 sterigmutibus
969 2977 1260 3043 multi-articulatis
1288 2977 1670 3069 (arthrosterigmutibus)

448 3087 590 3180 praedita,
607 3086 786 3178 spermatiis
800 3082 896 3152 rectis
910 3082 1123 3152 mediocribus
1140 3085 1187 3154 rel
1204 3085 1270 3154 lere
1284 3084 1506 3158 breviusculis.

491 3195 623 3263 Formas
643 3189 887 3282 comprehendit
899 3191 968 3258 hrcc
989 3185 1090 3259 tribus
1108 3189 1198 3260 ralde
1213 3189 1354 3260 diversas
1367 3213 1432 3261 nnn
1447 3196 1552 3263 minus
1569 3191 1670 3288 quoad

449 3299 579 3369 rballum
606 3320 701 3392 quam
727 3296 834 3389 quoad
861 3297 1039 3389 apothecis.
1070 3295 1161 3365 chu
1190 3308 1297 3368 tamen
1326 3299 1491 3372 allinitatis
1519 3301 1670 3376 naturalis

414 3415 417 3424 '
447 3409 581 3478 arricum
603 3409 784 3500 junguntur
809 3405 931 3494 species
958 3407 1019 3474 buc
1052 3405 1159 3476 relatu
1189 3407 1410 3500 acceduntque
1442 3409 1482 3478 cd
1509 3409 1673 3480 Cindouies

446 3516 530 3587 notis
544 3513 736 3605 quibusdam
760 3524 789 3580 et
812 3514 913 3586 satius
931 3534 1026 3604 quem
1048 3511 1239 3584 bichenibus
1265 3515 1348 3596 aliis,
1375 3537 1477 3606 quare
1498 3517 1618 3608 optime
1642 3515 1670 3582 in

446 3622 529 3692 serie
541 3620 772 3689 Clcdodeorum
791 3620 1012 3710 disponentur.

490 3727 597 3795 Gcnus
614 3721 826 3816 Gompbr'llus
842 3745 862 3790 a
879 3723 1065 3792 delinitione
1090 3725 1165 3793 duta
1181 3729 1313 3796 omnino
1332 3728 1452 3798 recedit
1472 3730 1579 3826 quoad
1597 3751 1669 3800 auu·

447 3835 528 3926 lpsin
555 3836 769 3903 anatomicam
794 3853 1010 3924 organorum,
1037 3833 1185 3926 sistitque
1211 3835 1435 3948 exceptiupcm
1464 3837 1665 3930 paradoxum.

442 3940 637 4010 ¹Consulatus
653 3943 721 4032 cius
736 3939 894 4032 expositio
911 3938 962 4006 bic
981 3961 1054 4008 mos
1069 3939 1164 4010 inlru.

492 4049 527 4116 ln
539 4048 688 4122 ornrribus
703 4049 846 4140 {curtibus
863 4045 949 4116 orbis
968 4048 1127 4117 terrestris
1143 4047 1266 4140 species
1280 4051 1549 4142 ruompceorum
1565 4053 1669 4123 distri·

448 4153 602 4224 buuntur.
620 4155 676 4224 sed
692 4173 794 4246 parce
811 4165 930 4222 suntct
949 4157 1000 4222 rix
1013 4155 1100 4222 ullibi
1115 4156 1265 4246 copiosa,
1285 4159 1345 4227 nisi
1360 4161 1474 4230 unicus
1490 4165 1670 4255 Boeomycrt

448 4262 558 4352 cusiis,
575 4264 629 4354 qui
646 4264 676 4329 iu
695 4263 821 4352 Europa
840 4260 1022 4352 trequenter
1035 4261 1178 4330 obvenit.
1197 4263 1278 4332 Sunt
1292 4287 1405 4336 omncs
1422 4279 1601 4352 terrestres,
1614 4285 1669 4338 nce

447 4367 621 4462 obruniunt
638 4369 696 4437 nisi
715 4371 906 4460 exceptione
922 4368 964 4435 ud
980 4389 1057 4437 saxu
1077 4369 1288 4444 suburnbross
1301 4374 1351 4452 rel
1368 4385 1501 4448 truncos
1516 4379 1663 4471 putridos·

482 4549 519 4617 (ι)
540 4552 706 4616 antescripsi
727 4551 897 4614 Ctaitantouei,
913 4557 940 4604 at
958 4553 1114 4607 contermini
1126 4559 1188 4608 'cam
1208 4559 1298 4609 ceteris
1321 4559 1469 4614 nominibus
1490 4561 1611 4615 sericeum
1633 4563 1665 4614 ert

446 4636 539 4674 uomen
555 4623 619 4674 t'iad
630 4629 672 4674 uri·
688 4624 816 4688 igiturque
830 4623 1026 4688 preterendum.
