3540 5592
393 435 439 514 db
827 460 969 511 srnorsrs
991 461 1160 512 crcurnuu.

390 557 520 649 lior'not,
537 557 580 634 be
603 566 693 650 dolis,
710 567 839 638 Tillelle
862 571 901 639 de
922 569 1096 653 Glerrbont,
1123 569 1245 654 lordin,
1262 569 1396 652 Cerroll,
1413 579 1477 640 etc.
1499 571 1610 660 bongc

390 693 465 742 vero
483 675 658 743 meximum
683 673 800 746 obtulit
819 675 967 747 lructum‘
981 675 1163 746 herbarium
1186 675 1384 747 lichenosnm
1402 677 1500 748 llusci
1516 677 1611 747 Pori·
1656 705 1663 710 ·

391 780 517 864 elensis,
532 779 588 854 ubi
601 783 678 852 mibi
695 793 826 854 cunctos
840 783 908 854 lere
928 779 1052 879 species
1063 785 1129 878 jem
1143 785 1288 880 cognitos
1306 785 1418 854 ordine
1435 784 1609 878 disponere
1631 857 1638 865 ,

300 978 303 986 ,
381 888 493 960 licuit.
512 887 572 979 lbi,
592 899 707 984 preter
730 891 951 964 collectionem
978 891 1173 965 exoticcrum
1201 892 1403 976 ditissimum,
1428 893 1524 992 etiom
1551 893 1610 962 bi-

384 993 508 1090 cbcnes
527 997 652 1089 plurimi
671 999 845 1090 germanici
864 999 1058 1092 temporibus
1074 998 1237 1069 hodiernis
1258 1000 1337 1069 ccl.
1354 998 1610 1092 Krempelbubcr

388 1112 421 1174 ct
433 1101 485 1174 Fr.
502 1104 620 1176 brnold
633 1107 707 1176 lecti
722 1105 762 1178 ob
775 1107 915 1200 ipsisque
929 1107 1015 1178 missi
1028 1116 1243 1177 osserventur.
1259 1107 1365 1199 rypos
1376 1107 1479 1176 eidem
1495 1107 1608 1176 lluseo

389 1210 567 1283 rectissimo
605 1214 776 1284 belveticos
808 1236 910 1310 prope
936 1237 1048 1285 omnes
1077 1214 1353 1285 Enumerationie
1379 1237 1445 1286 sue
1472 1213 1609 1307 prebuit

321 1375 325 1396 .
383 1317 479 1408 divus
489 1319 643 1390 Sobcrer.
654 1320 845 1410 collectioni¹
855 1323 983 1414 specioli
999 1322 1132 1414 gallire,
1145 1321 1278 1391 seorsim
1291 1319 1333 1390 ibi
1346 1321 1517 1414 disposite,
1529 1343 1610 1392 con·

388 1425 526 1497 tribuere
539 1427 714 1520 presertim
728 1429 834 1513 Prost,
846 1427 951 1523 buby,
967 1429 1130 1526 llougeot‚
1147 1427 1361 1510 laeuormcnd,
1374 1427 1527 1512 Tolosae,
1536 1439 1604 1500 etc.

382 1541 383 1544 ’
431 1533 519 1605 lnter
548 1535 755 1622 collectores,
782 1559 918 1630 quorum
950 1528 1070 1608 messes
1093 1537 1228 1608 exotice
1259 1538 1292 1606 in
1320 1535 1478 1608 berberiis
1508 1537 1608 1608 veniis

388 1643 526 1712 maxime
550 1643 692 1714 eminent
715 1642 883 1716 citentur:
911 1643 995 1740 Bury
1019 1643 1059 1714 de
1077 1643 1349 1728 stiur-vincent,
1376 1642 1612 1726 tioudiclreud,

387 1749 582 1841 besprdoux,
599 1748 747 1836 Persilld,
767 1751 1171 1846 seponamus-sterteres,
1195 1751 1242 1821 Gi.
1261 1751 1340 1846 dep,
1362 1751 1523 1845 beprieur,
1538 1750 1607 1820 ltc-

388 1856 496 1941 linum,
528 1850 693 1942 Weddell,
729 1856 874 1946 (inridet,
905 1859 1061 1944 llolenso,
1090 1859 1180 1930 J.·l).
1211 1857 1355 1944 lioober,
1386 1858 1604 1942 brununcnd,

358 1961 541 2064 *llerdnen
567 1965 782 2048 'lorbertnem
807 1966 922 2061 llrbge,
948 1961 1172 2060 dbiesbreght,
1197 1965 1341 2050 becbler,
1366 1965 1494 2046 notter,
1527 1965 1605 2036 zot-

385 2069 501 2164 linger,
517 2069 704 2166 tunghutm,
719 2071 873 2159 (loleotti,
890 2085 953 2146 etc.

429 2181 595 2274 llpuscolis
620 2181 692 2252 dein
718 2181 907 2276 quibusdem
934 2191 969 2254 et
989 2179 1258 2253 commentariolis
1283 2203 1334 2252 res
1356 2181 1619 2273 licbenologices

385 2298 521 2358 troctore
547 2275 678 2371 tentori,
706 2289 926 2382 imprimisque
949 2290 982 2358 in
1007 2287 1259 2383 expositionibus
1276 2287 1605 2380 monogropbicisge·

315 2485 318 2492 ι
382 2397 467 2466 neris
490 2394 673 2476 Artbom'oe,
692 2391 830 2466 tribuum
848 2393 1073 2466 Galicicurum
1097 2402 1131 2466 et
1153 2399 1480 2488 Pynnocnpeomm
1503 2405 1605 2488 etque

381 2497 515 2572 demum
525 2501 557 2572 in
571 2501 755 2576 Prodromo
768 2501 1063 2597 Licbcnoprnpdiae
1079 2499 1203 2574 cattio
1218 2511 1251 2572 et
1265 2501 1427 2596 Alperio.

425 2609 460 2678 ln
486 2607 623 2702 Synopsi
649 2610 749 2682 hocce
771 2610 961 2704 synonymis
985 2619 1020 2680 et
1047 2607 1248 2680 dednitiones
1272 2610 1390 2702 speciei
1413 2609 1551 2704 cujusvis
1567 2623 1603 2680 et

380 2717 573 2790 rorielctom
598 2713 758 2790 dobuotur
783 2715 994 2797 sufficientes,
1021 2727 1058 2788 ut
1087 2715 1128 2786 ed
1153 2716 1451 2787 determinationem
1466 2727 1599 2788 certem

379 2825 457 2895 setis
477 2816 570 2894 leeile
593 2817 759 2916 pervenire
782 2828 883 2916 possit
899 2823 1012 2907 lector,
1033 2824 1161 2916 edjutus
1176 2823 1210 2891 io
1224 2823 1396 2914 generibus
1409 2823 1604 2895 iustioribus

381 2952 402 3001 e
417 2929 623 3002 divisionibus
636 2930 759 3026 species
771 2929 881 3001 effinse
895 2930 955 3000 sub
967 2930 1100 3000 disemis
1110 2929 1307 3002 sectionibus
1320 2930 1601 3002 distribuentibus.

376 3031 509 3110 'fabulis
530 3031 604 3106 dein
623 3035 701 3110 huic
716 3040 805 3130 operi
824 3036 940 3106 edditis
961 3033 1130 3131 analyticis
1148 3036 1379 3119 adminiculum
1400 3039 1487 3108 bend
1508 3061 1604 3130 sper·

251 3199 252 3204 ,
379 3141 520 3216 nendum
536 3141 728 3236 inuenietur.
746 3144 1026 3214 ldoneotursolum
1039 3143 1271 3236 descriptiones
1286 3165 1414 3238 semper
1424 3145 1466 3216 ed
1479 3156 1602 3216 stotmn

379 3247 552 3324 lichenum
564 3251 683 3322 siccum
695 3251 797 3322 lectos
809 3273 891 3335 esse,
900 3271 965 3342 quo
976 3250 1079 3342 mogis
1094 3251 1253 3342 prodeunt
1263 3249 1389 3322 ‘colmes
1399 3253 1602 3346 singulorum

379 3355 461 3451 priri
486 3367 519 3428 et
547 3355 809 3429 choreccteristici.⁴
833 3358 904 3428 lem
930 3356 1048 3428 scimus
1075 3364 1196 3427 stolum
1228 3355 1343 3427 borum
1375 3357 1602 3458 vegetpbilium

375 3465 497 3536 siccum
514 3481 604 3560 eque
625 3466 802 3536 normalem
826 3462 1009 3560 habendum
1036 3484 1108 3533 esse
1132 3481 1171 3534 nc
1190 3463 1371 3552 humidum,
1400 3469 1465 3536 vito
1485 3453 1602 3540 corum

379 3571 412 3641 in
435 3573 636 3642 successione
659 3572 820 3664 periodica
845 3570 997 3642 continue
1022 3569 1190 3640 emborum
1215 3579 1358 3652 slotuum
1380 3575 1601 3658 consistente;

378 3687 475 3768 etque
483 3683 604 3748 stolum
612 3673 780 3756 humidum
794 3678 827 3747 in
838 3674 1107 3768 descriptionibus
1116 3697 1181 3746 non
1194 3677 1523 3771 esserespici'endum,
1535 3695 1604 3751 'nec

377 3792 416 3855 ut
433 3779 624 3876 primarium
644 3783 838 3867 habendum,
866 3801 997 3853 censere
1018 3780 1070 3853 les
1084 3783 1144 3867 eit,
1165 3783 1380 3856 rtemcoloree
1396 3785 1604 3858 tunclorme

342 3947 344 3953 .
376 3891 517 3986 cujusvis
542 3892 740 3986 inconspicui
767 3891 908 3964 credunt
934 3900 968 3958 et
990 3908 1145 3970 omocee
1167 3889 1305 3980 gonidiis
1329 3891 1606 3966 translucentibus

229 3999 230 4002 ’
378 3995 552 4070 virescunt.
668 4043 672 4050 ·

422 4107 638 4178 llcmcrentor
649 4111 961 4201 quoque'momente
979 4102 1129 4194 quedem
1151 4075 1181 4172 e
1198 4102 1434 4198 terminologie,
1450 4127 1528 4202 pom
1546 4083 1603 4181 bic

377 4205 521 4288 edhibitc
536 4223 586 4288 est
600 4222 634 4284 el
648 4235 717 4308 quse
731 4210 988 4306 orgenogmphie
998 4209 1112 4279 nititur
1124 4229 1223 4300 supro
1234 4208 1376 4284 breviter
1389 4225 1554 4286 coerceto.

420 4319 746 4415 Systemu·gonidiule
763 4321 822 4390 trio
842 4321 1002 4389 clemente
1025 4313 1119 4385 od'crl
1135 4339 1147 4385 ;,
1169 4318 1205 4383 1·
1221 4316 1363 4408 pontum
1385 4324 1527 4414 (proprie
1552 4325 1606 4406 sic

372 4417 487 4516 dicto),
502 4449 573 4518 qum
589 4425 773 4496 membrano
796 4425 938 4496 cettntnri
956 4421 1107 4492 distincte
1129 4423 1272 4494 involute
1286 4439 1381 4513 sunt;
1400 4433 1435 4496 2·
1450 4433 1613 4524 penula

369 4531 514 4628 pomisne
530 4533 578 4602 vel
592 4533 737 4624 praesule
751 4528 955 4625 pacidiana,-
974 4550 1044 4620 qoc
1067 4527 1419 4624 membranu'pcrietoli
1440 4540 1530 4607 omni
1546 4539 1605 4612 dt-

372 4642 492 4712 sttncto
511 4643 807 4744 ementierempte
828 4659 837 4709 ι
862 4631 1073 4726 Collenrmee‘,
1095 4633 1287 4729 Peltiperce,
1314 4641 1538 4738 Parenurioe);
1567 4657 1607 4721 et
