3688 5576
411 473 458 548 20
850 487 991 536 sruorsrs
1015 485 1185 534 creusa-uu.

412 607 511 659 tissime
528 601 801 672 meosoccnapllcata.
817 598 926 653 Thallus
945 598 1062 667 alloquin
1083 611 1152 665 sepe
1173 605 1252 664 supra
1273 591 1324 646 lert
1345 587 1505 658 glomeratas
1524 601 1633 659 sparsos

412 695 522 751 lnrlurls
534 693 633 748 laldlusi
646 691 715 760 nlgrl
727 692 790 760 (tere
804 699 833 744 nt
844 691 870 744 ln
886 689 918 742 U.
931 685 1095 760 pustulata).

763 947 879 1042 Scarus
899 943 939 1014 V.
958 981 1005 993 -
1032 937 1304 1011 PLACODEI.

456 1147 585 1216 Thallus
597 1153 782 1214 cruslaccus
793 1142 888 1220 variae
905 1141 1019 1210 indolis
1034 1144 1084 1224 (ut
1098 1139 1234 1218 iubatus,
1255 1157 1455 1228 squamosus,
1475 1135 1628 1220 radiatus,

411 1253 613 1348 granulosus,
633 1253 815 1344 pulvereus,
840 1250 979 1316 tenuiter
995 1247 1166 1316 continuus
1182 1254 1238 1312 aut
1254 1265 1449 1312 evanescens
1470 1251 1504 1308 et
1526 1240 1558 1308 in
1580 1240 1631 1306 in-

411 1360 494 1432 bmis
507 1359 679 1449 aliquando
691 1357 821 1442 nullus),
835 1353 955 1444 absque
967 1362 1068 1422 struto
1083 1351 1248 1420 medullari
1262 1374 1304 1418 ca
1315 1347 1481 1418 clementis
1493 1349 1635 1414 litamen·

412 1469 490 1539 tusis
516 1468 588 1534 laxe
613 1471 766 1534 contexto
794 1464 843 1530 rel
871 1461 1010 1551 implexa
1042 1461 1106 1527 ullo
1140 1459 1301 1526 distincto.
1327 1456 1499 1546 tlpothccia
1522 1465 1577 1520 aut
1598 1455 1631 1540 l)

410 1571 607 1654 lecanorina,
625 1579 682 1640 aut
696 1571 729 1658 2)
746 1568 911 1661 patellaria
929 1567 1108 1656 (lecideina)
1124 1575 1177 1633 aul
1195 1567 1227 1652 3)
1245 1561 1464 1632 lirellilcrmia.
1483 1561 1633 1652 Spernro·

410 1680 508 1771 genia
537 1675 888 1772 arthrosterignratibus
910 1675 970 1756 ¹vel
1003 1673 1118 1763 sepius
1149 1669 1388 1760 steeigmatibus
1419 1662 1631 1758 simplicibus,

409 1784 591 1875 spermaliis
620 1784 727 1856 variis.
748 1784 879 1852 Thallus
898 1804 970 1852 raro
997 1778 1248 1872 lrypnpbloenrlcs
1271 1778 1332 1866 (vel
1359 1777 1559 1869 luypoxylcus
1583 1775 1633 1844 vel

410 1889 646 1981 hypolilbcus).
672 1891 849 1980 ,ipcllaecia
870 1909 944 1956 raro
973 1886 1060 1956 omni
1090 1887 1243 1952 destituta
1269 1883 1367 1952 thullo
1390 1895 1446 1950 aut
1471 1882 1504 1948 in
1529 1881 1632 1948 alieno

410 1996 639 2086 parasitica-
656 1998 760 2065 Series
775 1997 880 2064 lauces
893 1993 994 2062 tribus
1008 2003 1072 2061 tres
1084 1993 1229 2060 continet
1239 1995 1449 2069 Lucanorum,
1463 1987 1635 2057 Lecideeos

410 2109 443 2170 el
456 2101 678 2194 Grupbideos‚
693 2103 790 2190 vulgo
804 2100 881 2168 satis
897 2098 979 2166 bene
993 2097 1159 2186 diguolas3
1174 2097 1332 2165 accedunt
1349 2095 1444 2164 modo
1461 2093 1632 2162 beeanorei

408 2206 519 2274 formis
546 2208 686 2275 maxime
711 2208 846 2278 evolutis
862 2203 1060 2274 Parmelz'eis
1084 2203 1117 2269 in
1143 2203 1224 2270 serie
1247 2201 1448 2292 praecedente
1467 2201 1511 2287 (et
1530 2218 1633 2288 genus

408 2313 634 2405 Parmcliupsis
652 2314 792 2404 ambigui
813 2315 940 2404 quidem
971 2323 1018 2380 est
1044 2313 1129 2398 loci).
1163 2310 1261 2379 Adest
1285 2308 1430 2378 sinantia
1460 2309 1521 2377 hae
1548 2305 1633 2376 serie

411 2419 511 2489 tribus
529 2421 653 2490 minuta
671 2417 1022 2514 Xyloprapbideortun
1039 2419 1212 2510 parum'vcl
1228 2416 1281 2487 vix
1294 2417 1444 2486 dillcrcns
1461 2439 1479 2484 a
1497 2415 1633 2509 Graphi-

409 2523 492 2595 deis.

711 2706 814 2786 raa.
841 2703 925 2788 xv.
949 2645 1331 2786 -hncauennrss

453 2914 667 3005 Distinguitur
682 2917 714 2984 in
733 2938 851 3006 genere
864 2915 965 2985 tribus
982 2917 1235 2984 Lccancrcorum
1251 2913 1427 3004 apotheciis
1443 2911 1635 2981 leeunorinis

409 3023 564 3092 necteris
586 3019 779 3097 elaeodes:
807 3031 981 3090 occurrunt
1007 3030 1112 3089 tannen
1137 3020 1260 3110 specics
1284 3018 1428 3110 quaedem
1457 3017 1634 3110 apotheciis

408 3129 513 3220 typice
530 3129 580 3199 vel
596 3128 764 3220 subtypice
789 3127 952 3196 lccidcinis
980 3127 1170 3214 (biatorinis)
1191 3127 1249 3212 (l),
1266 3125 1351 3216 rpued
1375 3147 1503 3216 quoque
1530 3125 1631 3192 thalla

408 3233 602 3322 (evolutione
614 3235 739 3321 manca)
757 3231 925 3302 deficiente
940 3232 1102 3300 interdurn
1115 3228 1304 3300 observatur
1323 3232 1409 3317 (crana
1431 3237 1507 3300 tune
1524 3251 1635 3317 marga
1712 3233 1723 3250 '

408 3339 558 3408 thallinus
579 3341 760 3410 necessario
776 3341 873 3409 etiarn
890 3339 1022 3426 deficit).
1048 3339 1156 3428 Sporae
1178 3338 1256 3405 selis
1276 3336 1383 3404 variae.
1403 3336 1635 3424 Sperrnogunin

405 3466 534 3536 quoquc
548 3457 604 3514 aut
616 3447 965 3536 arthrostcrigmatibus
977 3446 1136 3514 instructa
1151 3445 1196 3532 (in
1209 3443 1418 3512 subtribahus
1431 3440 1632 3522 Psoromea's,

406 3549 606 3620 Pannura'eis
629 3561 662 3620 et
680 3550 880 3632 Placodicac,
909 3561 1005 3642 atquc
1031 3551 1064 3618 in
1091 3549 1190 3640 stirpe
1218 3550 1391 3618 Leeuuaroe
1422 3547 1555 3634 ceriuac)
1580 3557 1635 3615 aut

408 3656 492 3748 apud
509 3655 662 3748 plurimas
680 3657 804 3758 species
820 3656 1060 3746 sterignaatibus
1077 3654 1290 3746 simplicibus.

452 3761 509 3830 usa
526 3759 626 3830 tribus
644 3762 784 3830 maxima
806 3763 890 3835 inter
914 3761 1079 3844 Liebeucs,
1102 3762 1214 3829 saltem
1239 3761 1304 3828 280
1323 3759 1445 3851 species
1465 3760 1635 3829 continens

445 4012 481 4075 (t)
494 4011 565 4063 Tunc
578 4009 709 4074 apothecis
723 4012 766 4064 llla
779 4011 910 4076 patellana
926 4015 1053 4062 structura
1066 4011 1206 4062 auatamlca
1221 4011 1351 4076 specieque
1366 4011 1398 4062 ad
1413 4009 1507 4063 leemas
1520 4011 1635 4062 absolute

410 4082 567 4152 lccauaeluaa
582 4083 720 4136 arctissime
732 4085 917 4148 adjunguntur,
933 4089 1010 4145 atque
1023 4083 1153 4134 inuenitur
1165 4097 1229 4145 supe
1242 4085 1330 4135 eadcrn
1342 4081 1436 4145 speclea
1447 4083 1597 4148 (pracsertim
1608 4084 1635 4133 tn

410 4155 484 4206 ccctis
499 4155 624 4206 Ptacorlta's
636 4160 661 4206 et
674 4157 808 4206 tecauarla
821 4154 1011 4216 atfinlhusljarn
1027 4151 1164 4216 apotlaeclta
1174 4154 1334 4212 lacannrinla.
1347 4155 1401 4215 iarn
1415 4154 1564 4216 hiatorlnls;
1578 4166 1635 4205 aare

410 4225 540 4288 apothecia
556 4224 608 4278 lcrc
621 4225 703 4290 typice
713 4225 840 4277 blatarlna
854 4226 972 4274 ridentur
987 4225 1011 4273 in
1028 4225 1066 4274 his
1086 4223 1246 4277 Llcheuibus.
1261 4227 1361 4276 Adsunt
1374 4225 1483 4288 denique
1500 4225 1635 4276 lecanarcl

409 4309 531 4359 generiam
545 4297 774 4360 Qauuadarmatta,
791 4295 965 4360 Ceccocurpa'oe
976 4302 1000 4346 ct
1013 4297 1091 4358 partis
1104 4297 1296 4346 Punnura'aruua
1308 4296 1444 4358 apathcclls
1459 4297 1541 4359 typice
1554 4295 1636 4346 blatu-

411 4367 473 4418 rlats
489 4367 525 4434 (tn
544 4369 667 4419 lanuarla
689 4373 715 4420 ct
739 4369 863 4418 Lccaaura
881 4379 933 4416 nna
952 4369 1062 4418 alterare
1078 4367 1180 4431 nigrim
1198 4366 1224 4416 lu
1242 4369 1412 4418 Erictcrmutc
1425 4365 1554 4430 apothecia
1569 4367 1637 4417 luter

411 4437 555 4490 lecanoriun
569 4445 595 4490 ct
607 4440 733 4490 blatorina
751 4438 891 4500 ambigena.
909 4437 938 4486 ln
952 4439 1070 4490 onantbua
1083 4437 1182 4488 casibus
1196 4437 1288 4489 talibus
1308 4439 1442 4500 apotheciis
1459 4438 1637 4503 recedentibus

410 4509 482 4560 thalli
501 4511 630 4560 character
645 4511 727 4560 locum
742 4511 782 4560 hic
797 4509 965 4566 determinat3
983 4509 1061 4571 magis
1075 4509 1150 4571 rulgu
1163 4507 1278 4560 evolutus
1297 4509 1365 4559 enlm
1390 4509 1484 4560 thallus
1502 4516 1542 4560 cst
1554 4521 1635 4574 quana

409 4579 434 4630 in
445 4580 618 4645 sequentihus,
631 4580 715 4630 minus
728 4593 807 4644 quam
824 4579 849 4628 ln
864 4577 1074 4641 praecedentibus,
1082 4584 1108 4630 ct
1116 4579 1247 4630 addendus
1259 4582 1361 4645 insuper
1375 4580 1504 4634 character
1520 4593 1632 4642 sperare·

409 4651 604 4716 guntchramni
614 4649 690 4703 etiarn
704 4651 744 4701 hle
758 4658 915 4708 momentum
930 4651 1031 4702 maalmt
1046 4650 1163 4714 ponderis
1176 4652 1258 4703 altcrt.
