3540 5592
391 422 460 497 too
823 453 966 501 smorsrs
987 451 1158 502 usuam.

426 557 582 623 Thallus
602 560 744 644 proprius
763 561 882 633 nullus:
906 561 1106 646 apothecis
1130 579 1241 643 parum
1262 563 1439 641 prominnla
1456 567 1627 636 totaatra.

387 675 488 721 massa
510 661 621 743 sporali
645 661 846 743 planiusouia;
873 681 997 745 sporn
1020 661 1304 740 lusus-nigricantis
1331 661 1525 744 cllipeoideae
1552 662 1630 724 nni-

386 766 519 840 πρίω,
529 759 634 838 longit.
646 763 840 836 u,titiu-tt‚ttt't
853 761 985 835 mlllim..
996 759 1111 823 cressit.
1121 762 1472 834 necromantiam,
1486 761 1629 842 ntmqtie

386 859 472 939 apioe
482 856 590 920 obtuse
600 857 780 922 rotundatas.

426 956 526 1038 Supra
543 965 676 1020 crustam
690 959 898 1039 putreramom
912 958 1095 1021 Pertamrioe
1115 957 1247 1022 comodis
1264 960 1297 1022 in
1311 959 1438 1042 Europa
1456 959 1572 1031 media
1587 958 1628 1022 ad

386 1075 517 1138 quercus
530 1065 559 1120 et
581 1055 663 1136 ugos
676 1057 789 1138 passim
803 1075 892 1140 parre
904 1055 948 1138 sin
959 1057 1064 1134 Gadis,
1078 1057 1254 1134 Germania,
1269 1059 1406 1138 Angliai3
1423 1078 1502 1122 rara
1518 1059 1629 1122 adimo

385 1155 419 1218 lu
433 1153 540 1218 snoeu
553 1153 750 1219 meridionali.
768 1155 895 1236 Quoque
905 1157 939 1218 in
953 1157 1093 1220 ,imerius
1106 1157 1334 1239 septentrionali
1349 1157 1500 1222 occurrit.
1521 1157 1630 1220 Raris·

387 1253 463 1316 sime
477 1269 570 1335 supra
582 1253 690 1316 thallos
705 1251 886 1316 Perrmorric
900 1255 1055 1316 communia
1067 1255 1142 1336 (non
1156 1255 1362 1336 pulveraoeos)
1379 1257 1558 1320 invenitur.

424 1388 575 1444 Admodum
596 1389 681 1444 aldais
701 1399 743 1444 est
763 1387 916 1460 Tracltpliu
938 1387 1124 1460 tpmpunellm
1148 1392 1273 1459 exciputu
1294 1401 1387 1447 autem
1408 1395 1541 1460 margine
1570 1407 1627 1446 non

386 1479 708 1534 mensunusum
721 1479 941 1550 sponsorum
951 1485 1105 1534 consumet
1122 1481 1282 1544 minoribus,
1293 1489 1386 1536 nmen
1399 1483 1548 1538 interdum
1563 1481 1627 1536 lati-

388 1568 509 1624 tudinem
519 1571 565 1630 oo
578 1569 682 1624 militm.
697 1571 840 1637 forsanque
851 1567 944 1638 paullo
959 1569 1028 1622 ultre
1041 1569 1257 1636 maurentium
1272 1569 1318 1624 Tr.
1328 1568 1500 1642 atrtponetlo
1511 1572 1625 1628 deiectu

390 1655 462 1710 thalli
480 1665 507 1711 et
526 1658 578 1712 rita
596 1657 733 1724 parasitica
750 1659 859 1725 insuper
878 1657 1054 1725 dignoscitur.
1071 1656 1189 1712 Grhtlna
1211 1659 1345 1726 hymeuea
1361 1659 1425 1715 todo
1445 1661 1550 1715 saitem
1573 1675 1626 1729 pro

389 1755 463 1812 parte
474 1744 566 1799 leviter
575 1744 732 1798 coerulesctt.

479 1852 576 1904 Tamna
590 1851 624 1914 V,
639 1853 681 1917 lig.
704 1855 754 1905 ³3:
776 1867 793 1904 o
812 1851 970 1918 apolinarium
991 1857 1060 1906 lenta
1080 1853 1178 1914 risuum
1199 1857 1213 1906 b
1239 1856 1340 1909 lamina
1362 1862 1455 1907 tenues
1480 1859 1568 1908 trinus

442 1923 629 1989 ammaviorum
639 1929 719 1976 ructu
730 1924 782 1976 tere
794 1929 827 1977 25
840 1925 985 1986 danaum
999 1939 1023 1985 c,
1034 1921 1242 1990 sporo'qninona
1255 1933 1335 1979 aucte
1347 1927 1484 1980 diametri·
1496 1931 1566 1980 2¹15.

812 2149 1084 2210 ”mmm
1096 2145 1171 2228 riyi.

434 2326 563 2398 Thallus
574 2324 688 2396 tenuis.
703 2327 879 2419 apothecis
889 2325 1027 2398 breviter
1042 2329 1384 2420 conten-cytisum,
1401 2331 1469 2402 basi
1483 2334 1621 2422 (latiora
1749 2313 1750 2340 ff

391 2434 535 2503 nonnihil
544 2432 587 2504 iti
598 2457 693 2526 quam
704 2434 860 2525 margine)
878 2438 999 2514 innuis,
1016 2457 1112 2528 supra
1124 2445 1284 2518 truncatu,
1296 2439 1384 2508 intus
1398 2462 1456 2532 pro
1469 2440 1621 2510 maxima

391 2551 481 2632 parte
502 2562 580 2610 cavo
603 2563 768 2632 massaque
789 2541 905 2632 sporali
924 2543 1045 2633 repleta
1061 2543 1237 2633 marginem
1253 2555 1402 2638 sequente
1418 2547 1521 2635 (haud
1538 2569 1617 2616 vero

390 2648 594 2735 excedenta);
620 2670 721 2739 sporae
743 2659 866 2716 octone
895 2649 927 2715 in
955 2649 1054 2716 thecis
1074 2660 1271 2741 ter-septatae
1290 2652 1615 2744 lusco-nigricante&

391 2754 621 2846 Spermogonla
637 2755 814 2846 spermatiis
831 2753 1029 2824 liliformibus
1045 2760 1195 2826 arcuatis.

433 2862 564 2931 Accedit
586 2861 627 2930 ad
656 2861 848 2954 Tracltplt'ar
873 2863 1047 2954 apotheciis
1074 2865 1238 2934 sessilibus
1265 2867 1327 2936 hoc
1355 2891 1476 2957 genus;
1510 2869 1617 2939 lorma

391 2977 497 3036 autern
514 2991 623 3036 eorum
640 2979 673 3036 et
687 2970 789 3060 sporis
805 2970 970 3060 &sopiatis
987 2991 1060 3037 mox
1073 2992 1111 3039 so
1128 2974 1342 3063 separandum
1361 2977 1459 3045 sistit.

435 3075 594 3143 dubitatio
617 3074 657 3142 ad
680 3077 814 3144 cortices
836 3075 937 3144 solum
962 3077 994 3143 in
1020 3079 1112 3144 terris
1132 3078 1243 3147 calidis
1268 3095 1423 3172 praetereo
1437 3086 1616 3176 Pyrqittos

389 3185 521 3253 omnino
535 3193 694 3274 separata
713 3181 863 3274 stirpibus
877 3183 992 3252 ceteris
1006 3183 1099 3273 hujus
1115 3184 1227 3255 tribus.
1246 3187 1317 3256 Non
1336 3192 1525 3280 negandum
1545 3216 1616 3284 spe·

390 3292 456 3360 cies
480 3289 569 3359 binas
595 3291 659 3359 huo
674 3291 870 3382 pertinentes
888 3312 996 3358 vorsus
1017 3293 1282 3386 Pyrenocarpeos
1301 3299 1351 3365 vel
1368 3299 1615 3390 Gymnotremo

390 3420 532 3486 vergere,
548 3405 581 3465 at
599 3418 700 3488 sporae
724 3397 754 3463 in
781 3417 916 3464 massam
934 3397 1089 3486 sporalem
1110 3422 1208 3489 supro
1235 3402 1423 3492 hytnenium
1446 3419 1614 3524 corigestm

389 3503 542 3598 Pprpr'llo
557 3505 659 3572 locum
677 3503 753 3570 dare
767 3501 927 3571 suadent
918 3524 950 3569 in
968 3501 1050 3572 tribu
1070 3504 1303 3578 Colica'eorum.

435 3687 467 3754 1.
492 3701 536 3756 Ι.
558 3697 816 3754 amorim-u
833 3682 931 3775 Nyt.
922 3705 954 3750 in
971 3681 1029 3752 hb.
1046 3685 1146 3754 Tacit.

427 3825 583 3889 ‘l'hallns
605 3832 651 3888 sut
676 3825 776 3888 tenuis
802 3821 921 3886 albidus
943 3825 1084 3890 nonnihil
1107 3830 1453 3916 granuloso-inaeqnalis
1475 3837 1610 3915 effusum

390 3925 579 4010 apothecis
602 3921 765 3987 mediocria
788 3922 867 3985 inter
887 3923 1030 3987 Colicteos
1059 3927 1145 4004 (altit.
1175 3930 1296 3995 ononi
1326 3933 1462 4012 militm,
1491 3938 1610 4002 cressit.

391 4027 440 4098 ⁰‚5
451 4022 582 4104 militm.)
590 4023 729 4104 superius
742 4020 921 4104 plerumque
929 4023 1031 4105 paullo
1045 4027 1231 4106 angustiora,
1242 4041 1320 4106 atra,
1329 4033 1471 4115 nrorgine
1480 4031 1612 4099 ten'nitsr

390 4121 502 4196 albido,
524 4121 588 4184 basi
612 4121 756 4184 crassiore
775 4130 821 4184 sat
841 4121 992 4204 profunde
1012 4122 1145 4198 intrusa;
1167 4145 1293 4209 sporae
1317 4129 1409 4195 tuscas
1429 4125 1612 4219 ellipsoidea

391 4221 436 4282 vol
445 4219 585 4298 oblonga
597 4224 765 4300 tt-septatae‚
777 4219 882 4300 longit.
893 4223 1040 4295 molt-lli
1052 4223 1184 4298 millim,
1200 4229 1314 4290 cressit.
1329 4234 1461 4304 opto-o
1471 4233 1608 4306 millum,

391 4317 483 4379 thecae
506 4317 628 4379 nonnisi
654 4317 685 4378 in
708 4317 807 4380 lruotn
829 4319 957 4399 juvenili
982 4318 1136 4398 videnda,
1160 4325 1346 4408 paraphyses
1365 4331 1605 4410 graciissoentes

391 4413 525 4476 Gelotina
538 4413 688 4495 hyrnenea
704 4415 774 4479 lodo
787 4433 851 4479 non
865 4415 968 4479 tincta.

431 4509 478 4572 tid
492 4511 632 4571 corticem
642 4511 674 4574 in
686 4509 847 4576 Lonisiana
861 4511 1080 4598 (Tuokerman).

429 4647 572 4712 Apottsecta
596 4646 683 4714 primo
707 4651 787 4720 piare
814 4653 902 4706 innata
931 4651 1178 4709 remorariilormis.
1202 4658 1395 4728 spermogonn
1418 4665 1608 4734 conceptaculo
