3540 5592
174 1875 182 1891 ·
218 1865 257 1936 in
280 1861 531 1956 praecedentibus
548 1859 657 1951 tingue
676 1859 792 1952 guttim
817 1856 972 1954 explicavi
989 1859 1148 1936 elemento
1162 1861 1258 1935 studii
1283 1857 1393 1938 biche·

171 1991 268 2048 num.
292 1973 370 2056 Qun
391 1971 434 2042 ibi
461 1972 557 2046 utinen
583 1978 712 2046 exstent
734 1969 906 2056 sufficient,
925 1968 1033 2051 eredo,
1053 1969 1125 2039 ioco
1148 1969 1394 2047 introductionis

171 2079 217 2150 ed
241 2081 383 2148 studium
407 2077 506 2147 hoece
530 2087 632 2176 etque
646 2077 686 2144 nd
704 2076 907 2151 diiiieuitntes
928 2099 967 2150 eo
995 2085 1140 2168 respectu
1165 2075 1251 2157 hored
1278 2099 1395 2172 pouces

170 2187 355 2260 wirundus.
378 2187 412 2254 in
438 2185 675 2262 introductione
692 2207 730 2266 en
749 2184 978 2264 conscribendo
1001 2171 1148 2274 linguens
1168 2185 1316 2276 guitioem
1333 2186 1395 2256 nd-

130 2315 134 2322 ’
169 2295 310 2368 bibitum
324 2295 422 2365 tuisse
436 2294 513 2364 uitio
526 2315 589 2368 non
607 2293 686 2364 uerti
704 2315 811 2392 spero.
829 2293 896 2368 Neo
911 2314 991 2384 opus
1008 2301 1069 2375 est,
1089 2301 1124 2364 ut
1139 2291 1244 2366 denuo
1256 2293 1396 2372 notiones
1413 2295 1416 2302 “

172 2404 352 2476 Liobenum
371 2400 577 2486 universales,
600 2411 657 2477 out
672 2412 859 2487 aristereon,
879 2411 935 2474 eut
952 2400 1107 2496 principie
1128 2401 1321 2494 systematis,
1339 2410 1396 2474 out

172 2511 433 2586 distributionem
459 2508 706 2602 geogrupbimm
730 2509 951 2600 respicientes.
968 2508 1002 2582 in
1028 2508 1213 2584 memorium
1234 2530 1398 2584 revocem·

175 2619 241 2696 Pro
254 2629 340 2696 rento
354 2615 509 2692 hodierno
524 2614 667 2690 scientim
681 2617 711 2694 id
728 2620 806 2694 sotis
822 2617 907 2692 olere
920 2615 1041 2690 fuctum
1056 2636 1126 2686 esse
1142 2613 1224 2686 iorte
1236 2615 1397 2708 judicetur

138 2715 141 2720 ’
174 2721 212 2798 in
224 2725 348 2818 paginis
360 2709 644 2817 nunjprroenduntt
659 2724 882 2804 trootntionem
897 2743 960 2798 non
979 2721 1158 2794 eruditione
1170 2721 1392 2812 excellentem,
1412 2761 1428 2800 ρ

172 2831 231 2904 sed
250 2833 392 2922 prorum
416 2829 587 2920 presertim
609 2831 699 2916 usui,
715 2842 870 2928 quantum
898 2830 1000 2926 potui,
1025 2829 1171 2904 idoneum
1195 2829 1395 2902 conscribere

175 2961 263 3010 eures
281 2938 389 3010 hebui.

221 3049 257 3117 in
279 3044 486 3138 sequentibus
506 3057 707 3138 exponentur
729 3047 882 3124 bicherres
903 3068 1014 3122 omnes
1035 3045 1112 3118 mibi
1134 3045 1267 3137 cogniti.
1291 3046 1394 3126 Sensn

175 3156 264 3234 tund
280 3155 375 3230 nimis
389 3163 527 3246 angusto
541 3155 705 3236 notionem
719 3155 835 3248 speciei
853 3155 1016 3248 percipere
1030 3145 1260 3250 operem'dedi
1276 3156 1395 3235 enitere

175 3263 362 3350 attendens,
381 3283 423 3350 ne
448 3263 481 3336 in
509 3261 726 3336 reductionem
748 3263 891 3343 nimiam,
916 3283 975 3332 neo
999 3260 1237 3334 indivisionem
1264 3263 1394 3342 nimiam

174 3373 338 3443 oedem.
355 3369 467 3440 biodns
483 3370 542 3442 bun
558 3370 590 3442 in
608 3392 642 3444 re
654 3368 780 3446 uidendi
798 3369 901 3442 studio
921 3368 1061 3459 preetieo
1073 3368 1106 3438 in
1121 3377 1235 3444 netum
1250 3391 1308 3464 pro
1323 3371 1398 3448 iuu-

174 3479 329 3554 dumento
354 3474 451 3552 hebet
475 3476 791 3568 esplnrutionenrque
809 3476 975 3566 regionum
995 3474 1128 3568 Europe
1151 3475 1247 3569 longe
1261 3475 1398 3556 inrieem

175 3586 379 3662 distantium.
475 3613 477 3618 ·

220 3693 408 3768 observatio
423 3712 548 3782 ‹puoque
564 3699 688 3772 nitente
701 3691 873 3770 bicbonum
884 3693 917 3766 in
934 3691 1126 3773 stationibus
1140 3712 1251 3774 eorum
1263 3701 1395 3772 neturu-

174 3801 260 3879 tibus
271 3799 356 3878 brud
368 3819 597 3884 secuseeusus
606 3797 742 3890 diligens
753 3797 984 3872 observationis
995 3798 1229 3900 microsnopire
1239 3799 1394 3903 optimum

173 3912 230 3992 trrp
246 3906 385 3999 prebent
403 3906 557 3984 auritium
575 3904 796 3999 umidiorisque
813 3903 903 3978 busin
921 3907 1040 3982 sistunt
1062 3906 1267 4002 experiente
1281 3929 1393 3992 estes·
1432 3977 1435 3984 ,

173 4041 308 4087 ΒΜῊΙΠ.

219 4119 484 4200 lienberie'simut
502 4121 658 4198 ditissimo
674 4122 860 4200 examinare
886 4123 1034 4220 contigit,
1055 4125 1229 4223 presertim
1254 4125 1390 4209 deberit,

173 4234 275 4304 lineri
301 4230 512 4312 barisiensis.
540 4229 777 4302 tionirerinnum
809 4239 843 4308 et
872 4229 1152 4308 celeberrimorum
1185 4232 1391 4315 leoninorum

171 4341 251 4423 see,
266 4342 427 4432 binugeot
441 4339 653 4422 eonornme,
665 4339 800 4423 Thuret,
815 4337 947 4422 ituiour,
960 4333 1173 4412 'l'uoirermrrn⁴
1184 4339 1392 4422 Gotteetiunes

170 4448 358 4547 ceteroquin
385 4447 501 4519 muites
524 4447 615 4530 eiius,
633 4447 792 4540 precipue
818 4448 960 4537 poitiers,
982 4445 1120 4524 examini
1147 4444 1391 4540 subjectionis

172 4579 258 4630 noro
277 4566 309 4625 et
335 4555 424 4634 utiiio
446 4555 720 4632 eommunicurere
742 4554 785 4627 ci.
803 4549 867 4624 itii.
892 4553 1029 4638 sooner,
1050 4553 1215 4642 brighton,
1240 4553 1390 4636 ennete,

170 4663 353 4756 detrimen.
370 4661 518 4747 Ldueiitd,
538 4663 666 4746 Durieu,
684 4661 724 4730 de
740 4660 921 4745 ttrdbissnn,
939 4661 1084 4748 deesset,
1104 4650 1250 4748 libinose,
1269 4661 1390 4744 Petunt.
